@article{rogge1989brauchen,
  title={Brauchen Kinder Fernsehen? Heidi, Pumuckl und Biene Maja als Zeichen f{\"u}r Alltagserfahrungen},
  author={Rogge, Jan-Uwe},
  journal={Kinderfernsehen II. Siegen: Blaue Eule},
  pages={95--124},
  year={1989}
}

